<?xml version="1.0" encoding="UTF-8"?><collection xmlns="http://www.loc.gov/MARC21/slim"><record><leader>00479nam--2200181-i-4500</leader><controlfield tag="001">000036295</controlfield><controlfield tag="002">20161230</controlfield><controlfield tag="005">20170101232707</controlfield><controlfield tag="008">060222s1000------------r-----000-0-eng-d</controlfield><datafield ind1=" " ind2=" " tag="020"><subfield code="a">0471653721</subfield></datafield><datafield ind1=" " ind2=" " tag="040"><subfield code="a">IFIN-HH</subfield></datafield><datafield ind1=" " ind2=" " tag="080"><subfield code="a">539.12</subfield></datafield><datafield ind1="1" ind2=" " tag="100"><subfield code="a">Omnes, Roland</subfield></datafield><datafield ind1="1" ind2="0" tag="245"><subfield code="a">Introduction to particle physics</subfield><subfield code="b">Translation G. Barton</subfield><subfield code="c">Roland Omnes</subfield></datafield><datafield ind1=" " ind2=" " tag="260"><subfield code="a">London</subfield><subfield code="b">Wiley - Interscience</subfield><subfield code="c">1971</subfield></datafield><datafield ind1=" " ind2=" " tag="300"><subfield code="a">414P</subfield></datafield><datafield ind1=" " ind2=" " tag="852"><subfield code="a">35949</subfield><subfield code="c">539.12</subfield></datafield><datafield ind1=" " ind2=" " tag="CAT"><subfield code="a">SYS</subfield><subfield code="c">20170101</subfield><subfield code="h">232707</subfield></datafield></record></collection>